https://www.openoffice.org/bibliographic/bibtex-defs.html


Introduction:
@Article{Fairness,
  author =   {Matthew Rabbin},
  title =    {Incorporating Fairness Into Game Theory},
  journal =    {The American Economic Review},
  year =   1993,
  volume =   83,
  number =   5,
  pages =    {1281--1302},
  month =    {December},
  annote =   {Fairness in games}
}


@techreport{Strategy,
  author =   {Ian Lane Davis},
  title =    {Strategies for Strategy Game AI},
  institution =    {AAAI},
  year =   1999,
  type =   {Technical Report},
  note =   {Challenges of making an AI for strategy games}
}


@proceedings{NestedIF,
  title =    {Intelligent Agents in Computer Games},
  year =   1999,
  organization = {Artificial Intelligence Lab University of Michigan},
  number = 929
}


@proceedings{AdvancedIF,
  title =    {The AI of Horizon Zero Dawn},
  year =   2017,
  organization =  {Game AI North},
  note =  {Speaker: Arjen Beij}
}



Previous Work:
@ARTICLE{EA_SEED,
       author = {{Harmer}, Jack and {Gissl{\'e}n}, Linus and {del Val}, Jorge and
         {Holst}, Henrik and {Bergdahl}, Joakim and {Olsson}, Tom and
         {Sj{\"o}{\"o}}, Kristoffer and {Nordin}, Magnus},
        title = "{Imitation Learning with Concurrent Actions in 3D Games}",
      journal = {arXiv e-prints},
     keywords = {Computer Science - Artificial Intelligence, Computer Science - Machine Learning, Statistics - Machine Learning},
         year = "2018",
        month = "Mar",
          eid = {arXiv:1803.05402},
        pages = {arXiv:1803.05402},
archivePrefix = {arXiv},
       eprint = {1803.05402},
 primaryClass = {cs.AI},
       adsurl = {https://ui.adsabs.harvard.edu/\#abs/2018arXiv180305402H},
      adsnote = {Provided by the SAO/NASA Astrophysics Data System}
}

@ARTICLE{Atari_DM,
       author = {{Mnih}, Volodymyr and {Kavukcuoglu}, Koray and {Silver}, David and
         {Graves}, Alex and {Antonoglou}, Ioannis and {Wierstra}, Daan and
         {Riedmiller}, Martin},
        title = "{Playing Atari with Deep Reinforcement Learning}",
      journal = {arXiv e-prints},
     keywords = {Computer Science - Machine Learning},
         year = "2013",
        month = "Dec",
          eid = {arXiv:1312.5602},
        pages = {arXiv:1312.5602},
archivePrefix = {arXiv},
       eprint = {1312.5602},
 primaryClass = {cs.LG},
       adsurl = {https://ui.adsabs.harvard.edu/\#abs/2013arXiv1312.5602M},
      adsnote = {Provided by the SAO/NASA Astrophysics Data System}
}

@ARTICLE{SC2LE,
       author = {{Vinyals}, Oriol and {Ewalds}, Timo and {Bartunov}, Sergey and
         {Georgiev}, Petko and {Sasha Vezhnevets}, Alexander and
         {Yeo}, Michelle and {Makhzani}, Alireza and {K{\"u}ttler}, Heinrich and
         {Agapiou}, John and {Schrittwieser}, Julian and {Quan}, John and
         {Gaffney}, Stephen and {Petersen}, Stig and {Simonyan}, Karen and
         {Schaul}, Tom and {van Hasselt}, Hado and {Silver}, David and
         {Lillicrap}, Timothy and {Calderone}, Kevin and {Keet}, Paul and
         {Brunasso}, Anthony and {Lawrence}, David and {Ekermo}, Anders and
         {Repp}, Jacob and {Tsing}, Rodney},
        title = "{StarCraft II: A New Challenge for Reinforcement Learning}",
      journal = {arXiv e-prints},
     keywords = {Computer Science - Machine Learning, Computer Science - Artificial Intelligence},
         year = "2017",
        month = "Aug",
          eid = {arXiv:1708.04782},
        pages = {arXiv:1708.04782},
archivePrefix = {arXiv},
       eprint = {1708.04782},
 primaryClass = {cs.LG},
       adsurl = {https://ui.adsabs.harvard.edu/\#abs/2017arXiv170804782V},
      adsnote = {Provided by the SAO/NASA Astrophysics Data System}
}

Method:
@CONFERENCE{Human-Like,
  author = {{Khalifa}, Ahmed and {Isaksen}, Aaron and {Togelius}, Julian and {Nealen}, Andy},
  title = "{Modifying MCTS for Human-like General Video Game Playing}",
  booktitle = "International Joint Conferences on Artificial Intelligence Organization",
  year = 2016
}